
@unpublished{braunmillercuba,
  title={The {J}anuary 2014 {N}orthern {C}uba earthquake sequence: {U}nusual location and unexpected source mechanism variability},
  author={Braunmiller, Jochen and Thompson, Glenn and McNutt, Stephen R},
  journal={Bulletin of the Seismological Society of America},
  publisher={The Seismological Society of America},
  note={submitted to Bulletin of the Seismological Society of America, Oct. 2018}
}

@article{mcfarlin2018receiver,
  title={Receiver function analyses of {U}turuncu volcano, {B}olivia and vicinity},
  author={McFarlin, Heather and Christensen, Douglas and McNutt, Stephen R and Ward, Kevin M and Ryan, Jamie and Zandt, George and Thompson, Glenn},
  journal={Geosphere},
  volume={14},
  number={1},
  pages={50--64},
  year={2018},
  publisher={GeoScienceWorld}
}

@article{mehta2018caveats,
  title={Caveats to Exogenous Organic Delivery from Ablation, Dilution, and Thermal Degradation.},
  author={Mehta, Christopher and Perez, Anthony and Thompson, Glenn and Pasek, Matthew A},
  journal={Life (Basel, Switzerland)},
  volume={8},
  number={2},
  year={2018}
}

@article{smith2018correlating,
  title={Correlating the electrification of volcanic plumes with ashfall textures at {S}akurajima Volcano, {J}apan},
  author={Smith, Cassandra M and Van Eaton, Alexa R and Charbonnier, Sylvain and McNutt, Stephen R and Behnke, Sonja A and Thomas, Ronald J and Edens, Harald E and Thompson, Glenn},
  journal={Earth and Planetary Science Letters},
  volume={492},
  pages={47--58},
  year={2018},
  publisher={Elsevier}
}

@article{boop2017interactions,
  title={Interactions between surface conditions, the {M}editerranean Sea, and cave climate within two littoral caves in {M}allorca: implications for the formation of phreatic overgrowths on speleotherms},
  author={Boop, Liana M and Wynn, Jonathan G and Thompson, Glenn and Forn{\'o}s, Joan J and Onac, Bogdan P},
  journal={Journal of Cave and Karst Studies},
  volume={79},
  number={1},
  pages={59},
  year={2017},
  publisher={National Speleological Society, Inc.}
}

@article{farrell2017seismic,
  title={Seismic attenuation, time delays, and raypath bending of teleseisms beneath {U}turuncu volcano, {B}olivia},
  author={Farrell, Alexandra K and McNutt, Stephen R and Thompson, Glenn},
  journal={Geosphere},
  volume={13},
  number={3},
  pages={699--722},
  year={2017},
  publisher={GeoScienceWorld}
}

@article{smith2016ground,
  title={Ground-coupled airwaves at {P}avlof Volcano, {A}laska, and their potential for eruption monitoring},
  author={Smith, Cassandra M and McNutt, Stephen R and Thompson, Glenn},
  journal={Bulletin of Volcanology},
  volume={78},
  number={7},
  pages={52},
  year={2016},
  publisher={Springer Berlin Heidelberg},
  doi = "10.1007/s00445-016-1045-0"
} % 

@article{deroin2015duration,
  title={Duration--amplitude relationships of volcanic tremor and earthquake swarms preceding and during the 2009 eruption of {R}edoubt Volcano, {A}laska},
  author={DeRoin, Nicole and McNutt, Stephen R and Thompson, Glenn},
  journal={Journal of Volcanology and Geothermal Research},
  volume={292},
  pages={56--69},
  year={2015},
  publisher={Elsevier},
  doi={10.1016/j.volgeores.2015.01.003}
}

@article{mcnutt2013local,
  title={Local seismic and infrasound observations of the 2009 explosive eruptions of {R}edoubt {V}olcano, {A}laska},
  author={McNutt, Stephen R and Thompson, G and West, Michael E and Fee, David and Stihler, Scott and Clark, Edward},
  journal={Journal of Volcanology and Geothermal Research},
  volume={259},
  pages={63--76},
  year={2013},
  publisher={Elsevier},
  doi ="10.1016/j.jvolgeores.2013.03.016"
}

@article{buurman2013seismicity,
  title={The seismicity of the 2009 {R}edoubt eruption},
  author={Buurman, Helena and West, Michael E and Thompson, Glenn},
  journal={Journal of Volcanology and Geothermal Research},
  volume={259},
  pages={16--30},
  year={2013},
  publisher={Elsevier},
  doi = "10.1016/j.jvolgeores.2012.04.024"
}

@article{swarmalarm2010,
  title={Real-time detection of earthquake swarms at {R}edoubt {V}olcano, 2009},
  author={Thompson, Glenn and West, Michael E},
  journal={Seismological Research Letters},
  volume={81},
  number={3},
  pages={505--513},
  year={2010},
  publisher={Seismological Society of America},
  doi = "10.1785/gssrl.81.3.50"
}

@article{miller2010seismic,
  title={Seismic expression of magma-induced crustal strains and localized fluid pressures during initial eruptive stages, {S}oufri{\`e}re {H}ills {V}olcano, {M}ontserrat},
  author={Miller, Victoria and Voight, Barry and Ammon, Chuck J and Shalev, Elon and Thompson, Glenn},
  journal={Geophysical Research Letters},
  volume={37},
  number={19},
  year={2010}
}

@article{luckett2007seismic,
  title={Seismic monitoring of the {S}oufri{\`e}re {H}ills {V}olcano, {M}ontserrat},
  author={Luckett, Richard and Baptie, Brian and Ottemoller, Lars and Thompson, GL},
  journal={Seismological Research Letters},
  volume={78},
  number={2},
  pages={192--200},
  year={2007},
  publisher={Seismological Society of America},
  doi = "10.1785/gssrl.78.2.192"
}

@article{taron2007mechanisms,
  title={Mechanisms for rainfall-concurrent lava dome collapses at {S}oufri{\`e}re {H}ills {V}olcano, 2000--2002},
  author={Taron, Joshua and Elsworth, Derek and Thompson, Glenn and Voight, Barry},
  journal={Journal of Volcanology and Geothermal Research},
  volume={160},
  number={1-2},
  pages={195--209},
  year={2007},
  publisher={Elsevier},
  doi = "10.1016/j.jvolgeores.2006.10.003"
}

@article{jaquet2006devin,
  title={{DEVIN}: A forecasting approach using stochastic methods applied to the {S}oufri{\`e}re {H}ills Volcano},
  author={Jaquet, Olivier and Carniel, Roberto and Sparks, Steve and Thompson, Glenn and Namar, Rabah and Di Cecca, Mauro},
  journal={Journal of Volcanology and Geothermal Research},
  volume={153},
  number={1-2},
  pages={97--111},
  year={2006},
  publisher={Elsevier},
  doi = "10.1016/j.jvolgeores.2005.08.013"
}

%@article{langer2006multimo,
%  title={{MULTIMO}: {M}ulti-Parameter Monitoring, Modelling and Forecasting of Volcanic Hazard Results from a {E}uropean Project},
%  author={Langer, Horst and Falsaperla, Susanna and Powell, Tanya W and Thompson, Glenn and Vila, J and Macia, R and Kumar, D and Ortiz, R and Moreno, H and Correig, Anton M and others},
%  journal={Journal of Volcanology and Geothermal Research},
%  volume={153},
%  pages={387--388},
%  year=2006,
%  doi="10.1016/j.jvolgeores.2005.08.012"
%}

@article{langer2006automatic,
  title={Automatic classification and a-posteriori analysis of seismic event identification at {S}oufri{\`e}re {H}ills volcano, {M}ontserrat},
  author={Langer, Horst and Falsaperla, Susanna and Powell, Tanya W. and Thompson, Glenn},
  journal={Journal of Volcanology and Geothermal Research},
  volume={153},
  number={1-2},
  pages={1--10},
  year={2006},
  publisher={Elsevier},
  doi="10.1016/j.jvolgeores.2005.08.012"
}

@article{elsworth2004thermal,
  title={Thermal-hydrologic mechanism for rainfall-triggered collapse of lava domes},
  author={Elsworth, Derek and Voight, Barry and Thompson, Glenn and Young, Simon R.},
  journal={Geology},
  volume={32},
  number={11},
  pages={969--972},
  year={2004},
  publisher={Geological Society of America},
  doi="10.1130/G20730.1"
}

@article{carn2004anatomy,
  title={Anatomy of a lava dome collapse: the 20 {M}arch 2000 event at {S}oufri{\`e}re {H}ills Volcano, {M}ontserrat},
  author={Carn, Simon A. and Watts, Robert B. and Thompson, Glenn and Norton, Gill E.},
  journal={Journal of Volcanology and Geothermal Research},
  volume={131},
  number={3-4},
  pages={241--264},
  year={2004},
  publisher={Elsevier}
}

@article{edmonds2003so2,
  title={{SO}$_2$ emissions from {S}oufri{\`e}re {H}ills {V}olcano and their relationship to conduit permeability, hydrothermal interaction and degassing regime},
  author={Edmonds, M and Oppenheimer, C and Pyle, DM and Herd, RA and Thompson, G},
  journal={Journal of Volcanology and Geothermal Research},
  volume={124},
  number={1},
  pages={23--43},
  year={2003},
  publisher={Elsevier},
  doi="10.1016/S0377-0273(03)00041-6"
}

@article{langer2003solid,
  title={Application of Artificial Neural Networks for the classification of the seismic transients at {S}oufri{\`e}re {H}ills volcano, {M}ontserrat},
  author={Langer, Horst and Falsaperla, Susanna and Thompson, Glenn},
  journal={Geophysical Research Letters},
  volume={30},
  number={21},
  year={2003},
  publisher={[Washington] American Geophysical Union},
  doi={10.1029/2003GL018082}
}

@article{matthews2002rainfall,
  title={Rainfall-induced volcanic activity on {M}ontserrat},
  author={Matthews, Adrian J and Barclay, Jenni and Carn, Simon and Thompson, Glenn and Alexander, Jan and Herd, Richard and Williams, Carlisle},
  journal={Geophysical Research Letters},
  volume={29},
  number={13},
  pages={22--1},
  year={2002},
  doi={10.1029/2002GL014863}
}

@article{jolly2002locating,
  title={Locating pyroclastic flows on {S}oufri{\`e}re {H}ills Volcano, {M}ontserrat, {W}est {I}ndies, using amplitude signals from high dynamic range instruments},
  author={Jolly, Arthur D. and Thompson, Glenn and Norton, Gill E.},
  journal={Journal of Volcanology and Geothermal Research},
  volume={118},
  number={3-4},
  pages={299--317},
  year={2002},
  publisher={Elsevier},
  doi="10.1016/S0377-0273(02)00299-8"
}

@article{thompson2002three,
  title={Three distinct regimes of volcanic tremor associated with the eruption of {S}hishaldin Volcano, {A}laska 1999},
  author={Thompson, Glenn and McNutt, Stephen R and Tytgat, Guy},
  journal={Bulletin of Volcanology},
  volume={64},
  number={8},
  pages={535--547},
  year={2002},
  publisher={Springer-Verlag},
  doi="10.1007/s00445-002-0228-z"
}