@inbook{mcnutt2015seismic,
  title={Seismic and infrasonic monitoring},
  author={McNutt, Stephen R and Thompson, Glenn and Johnson, Jeffrey B and De Angelis, Silvio and Fee, David},
  booktitle={{The Encyclopedia of Volcanoes (Second Edition)}},
  editor={Haraldur Sigurdsson and Bruce Houghton and Steve McNutt and Hazel Rymer and John Stix},
  %eBook ISBN: 9780123859396
  isbn=9780123859389,
  published={"Academic Press"},
  %Page Count: 1456},
  pages={1071--1099},
  year={2015},
  month=3,
  day=31
}

@inbook{thompson2015seismic,
  title={Seismic Monitoring of Volcanoes},
  author={Thompson, Glenn},
  booktitle={{Encyclopedia of Earthquake Engineering}},
  pages={1--25},
  year={2015},
  isbn=978-3-642-35343-7,
  publisher={Springer-Verlag Berlin Heidelberg},
  editor="Michael Beer and Ioannis A. Kougioumtzoglou and Edoardo Patelli and Ivan Siu-Kui Au"
}