% reformat all entries as techreport

@techreport{giseis201303,
  title={Web-based seismic spectrograms at the {GI}},
  author={Thompson, Glenn},
  journal={{GISEIS} {T}echnical {W}hitepaper 2013-03, {G}eophysical {I}nstitute, {U}niversity of {A}laska {F}airbanks},
  year={2013}
}

@techreport{giseis201302,
  title={{AEIC} Web Presence Project},
  author={Thompson, Glenn},
  journal={{GISEIS} {T}echnical {W}hitepaper 2013-02, {G}eophysical {I}nstitute, {U}niversity of {A}laska {F}airbanks},
  year={2013}
}

@techreport{giseis201301,
  title={Mirroring the {AVO} event catalog from {AQMS} to {A}ntelope},
  author={Thompson, Glenn},
  journal={{GISEIS} {T}echnical {W}hitepaper 2013-01, {G}eophysical {I}nstitute, {U}niversity of {A}laska {F}airbanks},
  year={2013}
}

@report{bull20122009,
  title={The 2009 eruption of {R}edoubt {V}olcano, {A}laska},
  author={Schaefer, Janet R and Bull, Katharine F and Cameron, Cheryl and Coombs, Michelle L and Diefenbach, Angie and Lopez, Taryn and McNutt, Steve and Neal, Christina and Payne, Allison and Power, John A and Schneider, David J and Scott, Willie and Snedigar, Seth and Thompson, Glenn and Wallace, Kristi and Waythomas, Chris and Webley, Peter and Werner, Cindy},
  booktitle={{A}laska {D}ivision of {G}eological and {G}eophysical {S}urveys Report of Investigation 2011-5, 45 p., available at http://www.dggs.alaska.gov/pubs/id/23123},
  year={2012},
  institution={State of Alaska, Department of Natural Resources}
}

@techreport{giseis201101,
  title={Optimizing detection of earthquakes swarms in the presence of noise, using Antelope},
  author={Thompson, Glenn},
  journal={{GISEIS} {T}echnical {W}hitepaper 2011-01, {G}eophysical {I}nstitute, {U}niversity of {A}laska {F}airbanks},
  year={2011}
}

@techreport{giseis200901,
  title={IceWeb2},
  author={Thompson, Glenn},
  journal={{GISEIS} {T}echnical {W}hitepaper 2009-01, {G}eophysical {I}nstitute, {U}niversity of {A}laska {F}airbanks},
  year={2009}
}

@techreport{giseis200806,
  title={Configuring an i{M}ac as an Earthquake Notification System},
  author={Thompson, Glenn and Robinson, Mitch},
  journal={{GISEIS} {T}echnical {W}hitepaper 2008-06, {G}eophysical {I}nstitute, {U}niversity of {A}laska {F}airbanks},
  year={2008}
}

@techreport{giseis200805,
  title={User Guide to the i{M}ac Earthquake Notification},
  author={Thompson, Glenn},
  journal={{GISEIS} {T}echnical {W}hitepaper 2008-05, {G}eophysical {I}nstitute, {U}niversity of {A}laska {F}airbanks},
  year={2008}
}

@techreport{giseis200804,
  title={Delivery of Earthquake Notification Systems to Emergency Managers in {A}laska},
  author={Thompson, Glenn and Hansen, Roger A},
  journal={{GISEIS} {T}echnical {W}hitepaper 2008-04, {G}eophysical {I}nstitute, {U}niversity of {A}laska {F}airbanks},
  year={2008}
}

@techreport{giseis200803,
  title={The Trans-{A}laska Pipeline {S}hake{M}ap system: Technical Report},
  author={Thompson, Glenn and Martirosyan, Artak and Robinson, Mitch and Hansen, Roger A},
  journal={{GISEIS} {T}echnical {W}hitepaper 2008-03, {G}eophysical {I}nstitute, {U}niversity of {A}laska {F}airbanks},
  year={2008}
}

@techreport{giseis200802,
  title={The {AEIC} {S}hake{M}ap system: Technical Report},
  author={Thompson, Glenn and Martirosyan, Artak and Robinson, Mitch and Hansen, Roger},
  journal={{GISEIS} {T}echnical {W}hitepaper 2008-02, {G}eophysical {I}nstitute, {U}niversity of {A}laska {F}airbanks},
  year={2008}
}

@techreport{giseis200801,
  title={Revised procedures for maintaining the {AEIC} master stations database},
  author={Thompson, Glenn and LaFevers, Martin},
  journal={{GISEIS} {T}echnical {W}hitepaper 2008-01, {G}eophysical {I}nstitute, {U}niversity of {A}laska {F}airbanks},
  year={2008}
}

@techreport{giseis200702,
  title={The {AEIC A}ntelope-{QDDS} Interface},
  author={Thompson, Glenn and Robinson, Mitch},
  journal={{GISEIS} {T}echnical {W}hitepaper 2007-02, {G}eophysical {I}nstitute, {U}niversity of {A}laska {F}airbanks},
  year={2007}
}

@techreport{giseis200701,
  title={Maintaining the {AEIC} master stations database},
  author={Thompson, Glenn and LaFevers, Martin},
  type={whitepaper},
  journal={{GISEIS} {T}echnical {W}hitepaper 2007-01, {G}eophysical {I}nstitute, {U}niversity of {A}laska {F}airbanks},
  year={2007}
}


@report{gunn2005fine,
  title={Fine Scale Structure of Core by Novel Resistivity Imaging},
  author={Gunn, David A and Jackson, Peter D and Thompson, Glenn},
  type={reviewed},
  journal={{BGS R}eport {N}o. {IR}/05/065},
  year={2005}
}

@report{gunn2005investigating,
  title={Investigating shear wave methods to characterize sand and gravel thicknesses at {H}olme {P}ierrepont, {N}ottingham},
  author={Gunn, David A and Nelder, Lavinia M and Pearson, S and Thompson, Glenn and Carney, J N and Wallis, H},
  journal={{BGS} {R}eport {N}o. {IR}/03/116},
  year={2005}
}


@techreport{mvo200404,
  title={Rebuilding {MVO} seismic monitoring, {J}anuary - {F}ebruary 2004},
  author={Thompson, Glenn},
  journal={{MVO} {O}pen {F}ile {R}eport 04/04, {M}ontserrat {V}olcano {O}bservatory},
  year={2004}
}

@techreport{mvo200402,
  title={Summary of volcanic activity from {M}ay 2003 to {F}ebruary 2004},
  author={Dunkley, Peter N. and Norton, Gill E. and Hards, Vicky L. and Ryan, Graham A. and Jolly, Arthur D. and Thompson, Glenn},
  journal={{MVO} {O}pen {F}ile {R}eport 04/02, {M}ontserrat {V}olcano {O}bservatory},
  year={2004}
}

@report{cuss2003ground,
  title={Ground Penetrating Radar Investigation of the Fissuring of the {A}690 in {H}oughton-le-{S}pring},
  author={Cuss, Robert J and Thompson, Glenn},
  journal={{BGS} {R}eport {N}o. {CR}/03/301{R}},
  year={2003}
}

@techreport{mvo200303,
  title={The role of the {MVO} {S}oftware {E}ngineer within the seismic monitoring programme},
  author={Thompson, Glenn},
  journal={{MVO} {O}pen {F}ile {R}eport 03/03, {M}ontserrat {V}olcano {O}bservatory},
  year={2004}
}

@techreport{mvo200302,
  title={Moving the seismic monitoring from {M}ongo {H}ill to {F}lemings},
  author={Thompson, Glenn},
  journal={{MVO} {O}pen {F}ile {R}eport 03/02, {M}ontserrat {V}olcano {O}bservatory},
  year={2003}
}

@techreport{mvo200301,
  title={Summary of volcanic activity and monitoring data, with particular emphasis on the second phase of dome building {N}ovember 1999 to {J}une 2003},
  author={Dunkley, Peter N. and Edmonds, Marie and Herd, Richard A. and Thompson, Glenn},
  journal={{MVO} {O}pen {F}ile {R}eport 03/01, {M}ontserrat {V}olcano {O}bservatory},
  year={2003}
}

@techreport{mvo200201,
  title={Seismic software at {MVO}, January 2002},
  author={Thompson, Glenn},
  journal={{MVO} {O}pen {F}ile {R}eport 02/01, {M}ontserrat {V}olcano {O}bservatory},
  year={2002}
}

@techreport{giseis200201,
  title={Near-real-time web-based volcano-seismic monitoring: The {I}ce{W}eb system},
  author={Thompson, Glenn and McNutt, Stephen R},
  journal={{GISEIS T}echnical {W}hitepaper 2002-01, {G}eophysical {I}nstitute, {U}niversity of {A}laska {F}airbanks},
  year={2002}
}

@techreport{mvo200102,
  title={An overview of banded tremor at the {S}oufriere {H}ills Volcano, 1996-2001},
  author={Thompson, Glenn},
  journal={{MVO} {O}pen {F}ile {R}eport 01/02, {M}ontserrat {V}olcano {O}bservatory},
  year={2001}
}

@techreport{mvosr9,
  title={The 29 {J}uly 2001 collapse},
  author={Thompson, Glenn and Dunkley, Peter N. and Edmonds, Marie and Herd, Richard A. and Jolly, Arthur D.},
  journal={MVO Special Report 9, {M}ontserrat {V}olcano {O}bservatory},
  year={2001}
}

@techreport{mvo200003,
  title={Upgrading the {MVO} seismic data acquisition and analysis systems and collaborating with {SRU}, {O}ctober 2000},
  author={Thompson, Glenn},
  journal={{MVO} {O}pen {F}ile {R}eport 00/03, {M}ontserrat {V}olcano {O}bservatory},
  year={2000}
}

@techreport{mvo200002,
  title={Review of {MVO} Seismic Monitoring, {A}ugust 2000},
  author={Thompson, Glenn},
  journal={{MVO} {O}pen {F}ile {R}eport 00/02, {M}ontserrat {V}olcano {O}bservatory},
  year={2000}
}

@techreport{mvosr8,
  title={The 20 {M}arch, 2000 collapse of the {N}ovember 1999 dome},
  author={Thompson, Glenn and Watts, Robert and Carn, Simon and Norton, Gill and Nye, Rose and Voight, Barry},
  journal={{MVO} Special Report 8, {M}ontserrat {V}olcano {O}bservatory},
  year={2000}
}

@techreport{mvo199629,
  title={Investigation of the low-frequency seismic wavefield: {J}ustification for a broadband network?},
  author={Thompson, Glenn},
  journal={{MVO} {O}pen {F}ile {R}eport 96/29, {M}ontserrat {V}olcano {O}bservatory},
  year={1996}
}

@techreport{mvo199628,
  title={Banded tremor at {S}oufriere {H}ills Volcano, {J}uly - {A}ugust 1996},
  author={Thompson, Glenn},
  journal={{MVO} {O}pen {F}ile {R}eport 96/28, {M}ontserrat {V}olcano {O}bservatory},
  year={1996}
}