@thesis{thompson1999modelling,
  title={Modelling of Seismo-Volcanic Sources},
  author={Thompson, Glenn},
  year={1999},
  type={Ph.D.},
  school       = {University of Leeds, U.K.},
  month        = 8,
  note         = {Advisor: Dr. Jurgen Neuberg}
}

@thesis{thompson1994forward,
  title={Forward Modelling of Bottom-Simulating Reflectors at the {M}akran Accretionary Prism},
  author={Thompson, Glenn},
  year={1995},
  school= {University of Durham, U.K.},
  type={M.Sc.},
  month        = 7,
  note         = {Advisor: Dr. Neil Goulty}
}