% book chapters
@incollection{mcnutt2015seismic,
  title={Seismic and infrasonic monitoring},
  author={McNutt, Stephen R and Thompson, Glenn and Johnson, Jeffrey B and De Angelis, Silvio and Fee, David},
  booktitle={The Encyclopedia of Volcanoes (Second Edition)},
  pages={1071--1099},
  year={2015}
}

@article{thompson2014seismic,
  title={Seismic Monitoring of Volcanoes},
  author={Thompson, Glenn},
  journal={Encyclopedia of Earthquake Engineering},
  pages={1--25},
  year={2014},
  publisher={Springer Berlin Heidelberg}
}

% journals
@article{mcfarlin2018receiver,
  title={Receiver function analyses of {U}turuncu volcano, {B}olivia and vicinity},
  author={McFarlin, Heather and Christensen, Douglas and McNutt, Stephen R and Ward, Kevin M and Ryan, Jamie and Zandt, George and Thompson, Glenn},
  journal={Geosphere},
  volume={14},
  number={1},
  pages={50--64},
  year={2018},
  publisher={GeoScienceWorld}
}

@article{mehta2018caveats,
  title={Caveats to Exogenous Organic Delivery from Ablation, Dilution, and Thermal Degradation.},
  author={Mehta, Christopher and Perez, Anthony and Thompson, Glenn and Pasek, Matthew A},
  journal={Life (Basel, Switzerland)},
  volume={8},
  number={2},
  year={2018}
}

@article{smith2018correlating,
  title={Correlating the electrification of volcanic plumes with ashfall textures at {S}akurajima Volcano, {J}apan},
  author={Smith, Cassandra M and Van Eaton, Alexa R and Charbonnier, Sylvain and McNutt, Stephen R and Behnke, Sonja A and Thomas, Ronald J and Edens, Harald E and Thompson, Glenn},
  journal={Earth and Planetary Science Letters},
  volume={492},
  pages={47--58},
  year={2018},
  publisher={Elsevier}
}

@article{boop2017interactions,
  title={Interactions between surface conditions, the {M}editerranean Sea, and cave climate within two littoral caves in {M}allorca: implications for the formation of phreatic overgrowths on speleotherms},
  author={Boop, Liana M and Wynn, Jonathan G and Thompson, Glenn and Forn{\'o}s, Joan J and Onac, Bogdan P},
  journal={Journal of Cave and Karst Studies},
  volume={79},
  number={1},
  pages={59},
  year={2017},
  publisher={National Speleological Society, Inc.}
}

@article{farrell2017seismic,
  title={Seismic attenuation, time delays, and raypath bending of teleseisms beneath {U}turuncu volcano, {B}olivia},
  author={Farrell, Alexandra K and McNutt, Stephen R and Thompson, Glenn},
  journal={Geosphere},
  volume={13},
  number={3},
  pages={699--722},
  year={2017},
  publisher={GeoScienceWorld}
}

@article{smith2016ground,
  title={Ground-coupled airwaves at {P}avlof Volcano, {A}laska, and their potential for eruption monitoring},
  author={Smith, Cassandra M and McNutt, Stephen R and Thompson, Glenn},
  journal={Bulletin of Volcanology},
  volume={78},
  number={7},
  pages={52},
  year={2016},
  publisher={Springer Berlin Heidelberg}
}

@article{deroin2015duration,
  title={Duration--amplitude relationships of volcanic tremor and earthquake swarms preceding and during the 2009 eruption of {R}edoubt Volcano, {A}laska},
  author={DeRoin, Nicole and McNutt, Stephen R and Thompson, Glenn},
  journal={Journal of Volcanology and Geothermal Research},
  volume={292},
  pages={56--69},
  year={2015},
  publisher={Elsevier}
}

@article{mcnutt2013local,
  title={Local seismic and infrasound observations of the 2009 explosive eruptions of {R}edoubt {V}olcano, {A}laska},
  author={McNutt, Stephen R and Thompson, G and West, Michael E and Fee, David and Stihler, Scott and Clark, Edward},
  journal={Journal of Volcanology and Geothermal Research},
  volume={259},
  pages={63--76},
  year={2013},
  publisher={Elsevier}
}

@article{buurman2013seismicity,
  title={The seismicity of the 2009 {R}edoubt eruption},
  author={Buurman, Helena and West, Michael E and Thompson, Glenn},
  journal={Journal of Volcanology and Geothermal Research},
  volume={259},
  pages={16--30},
  year={2013},
  publisher={Elsevier}
}

@article{thompson2010real,
  title={Real-time detection of earthquake swarms at {R}edoubt {V}olcano, 2009},
  author={Thompson, Glenn and West, Michael E},
  journal={Seismological Research Letters},
  volume={81},
  number={3},
  pages={505--513},
  year={2010},
  publisher={Seismological Society of America}
}

@article{miller2010seismic,
  title={Seismic expression of magma-induced crustal strains and localized fluid pressures during initial eruptive stages, {S}oufri{\`e}re {H}ills {V}olcano, {M}ontserrat},
  author={Miller, Victoria and Voight, Barry and Ammon, Chuck J and Shalev, Elon and Thompson, Glenn},
  journal={Geophysical Research Letters},
  volume={37},
  number={19},
  year={2010}
}

@article{luckett2007seismic,
  title={Seismic monitoring of the {S}oufri{\`e}re {H}ills {V}olcano, {M}ontserrat},
  author={Luckett, Richard and Baptie, Brian and Ottemoller, Lars and Thompson, GL},
  journal={Seismological Research Letters},
  volume={78},
  number={2},
  pages={192--200},
  year={2007},
  publisher={Seismological Society of America}
}

@article{taron2007mechanisms,
  title={Mechanisms for rainfall-concurrent lava dome collapses at {S}oufri{\`e}re {H}ills {V}olcano, 2000--2002},
  author={Taron, Joshua and Elsworth, Derek and Thompson, Glenn and Voight, Barry},
  journal={Journal of Volcanology and Geothermal Research},
  volume={160},
  number={1-2},
  pages={195--209},
  year={2007},
  publisher={Elsevier}
}

@article{jaquet2006devin,
  title={{DEVIN}: A forecasting approach using stochastic methods applied to the {S}oufri{\`e}re {H}ills Volcano},
  author={Jaquet, Olivier and Carniel, Roberto and Sparks, Steve and Thompson, Glenn and Namar, Rabah and Di Cecca, Mauro},
  journal={Journal of Volcanology and Geothermal Research},
  volume={153},
  number={1-2},
  pages={97--111},
  year={2006},
  publisher={Elsevier}
}

@article{langer2006automatic,
  title={Automatic classification and a-posteriori analysis of seismic event identification at {S}oufri{\`e}re {H}ills volcano, {M}ontserrat},
  author={Langer, Horst and Falsaperla, Susanna and Powell, Tanya W. and Thompson, Glenn},
  journal={Journal of Volcanology and Geothermal Research},
  volume={153},
  number={1-2},
  pages={1--10},
  year={2006},
  publisher={Elsevier}
}

@article{elsworth2004thermal,
  title={Thermal-hydrologic mechanism for rainfall-triggered collapse of lava domes},
  author={Elsworth, Derek and Voight, Barry and Thompson, Glenn and Young, Simon R.},
  journal={Geology},
  volume={32},
  number={11},
  pages={969--972},
  year={2004},
  publisher={Geological Society of America}
}

@article{carn2004anatomy,
  title={Anatomy of a lava dome collapse: the 20 {M}arch 2000 event at {S}oufri{\`e}re {H}ills Volcano, {M}ontserrat},
  author={Carn, Simon A. and Watts, Robert B. and Thompson, Glenn and Norton, Gill E.},
  journal={Journal of Volcanology and Geothermal Research},
  volume={131},
  number={3-4},
  pages={241--264},
  year={2004},
  publisher={Elsevier}
}

@article{edmonds2003so2,
  title={{SO}$_2$ emissions from {S}oufri{\`e}re {H}ills {V}olcano and their relationship to conduit permeability, hydrothermal interaction and degassing regime},
  author={Edmonds, M and Oppenheimer, C and Pyle, DM and Herd, RA and Thompson, G},
  journal={Journal of Volcanology and Geothermal Research},
  volume={124},
  number={1},
  pages={23--43},
  year={2003},
  publisher={Elsevier}
}

@article{langer2003solid,
  title={Application of Artificial Neural Networks for the classification of the seismic transients at {S}oufri{\`e}re {H}ills volcano, {M}ontserrat (DOI 10.1029/2003GLO18082)},
  author={Langer, Horst and Falsaperla, Susanna and Thompson, Glenn},
  journal={Geophysical Research Letters},
  volume={30},
  number={21},
  year={2003},
  publisher={[Washington] American Geophysical Union.}
}

@article{matthews2002rainfall,
  title={Rainfall-induced volcanic activity on {M}ontserrat},
  author={Matthews, Adrian J and Barclay, Jenni and Carn, Simon and Thompson, Glenn and Alexander, Jan and Herd, Richard and Williams, Carlisle},
  journal={Geophysical Research Letters},
  volume={29},
  number={13},
  pages={22--1},
  year={2002}
}

@article{jolly2002locating,
  title={Locating pyroclastic flows on {S}oufri{\`e}re {H}ills Volcano, {M}ontserrat, {W}est {I}ndies, using amplitude signals from high dynamic range instruments},
  author={Jolly, Arthur D. and Thompson, Glenn and Norton, Gill E.},
  journal={Journal of Volcanology and Geothermal Research},
  volume={118},
  number={3-4},
  pages={299--317},
  year={2002},
  publisher={Elsevier}
}

@article{thompson2002three,
  title={Three distinct regimes of volcanic tremor associated with the eruption of {S}hishaldin Volcano, {A}laska 1999},
  author={Thompson, Glenn and McNutt, Stephen R and Tytgat, Guy},
  journal={Bulletin of Volcanology},
  volume={64},
  number={8},
  pages={535--547},
  year={2002},
  publisher={Springer-Verlag}
}

% CONFERENCE ABSTRACTS

@inproceedings{thompson2017gismo,
  title={{GISMO}: A {MATLAB} toolbox for seismic research, monitoring, \& education},
  author={Thompson, Glenn and Reyes, Celso},
  booktitle={{AGU} {F}all {M}eeting {A}bstracts},
  year={2017}
}

@inproceedings{thompson2017infrasound,
  title={Infrasound and seismic analysis of the {S}pace{X} {F}alcon9 explosion sequence of 1-September-2016},
  author={Thompson, Glenn and McNutt, Stephen R and Brown, Robert G and Braunmiller, Jochen and Mehta, Christopher A},
  booktitle={{AGU} {F}all {M}eeting {A}bstracts},
  year={2017}
}

@inproceedings{smith2017monitoring,
  title={Monitoring the development of volcanic eruptions through volcanic lightning-Using a lightning mapping array, seismic and infrasound array, and visual plume analysis},
  author={Smith, Cassandra M and Thompson, G and McNutt, Stephen R and Behnke, Sonja A and Edens, Harald E and Van Eaton, Alexa R and Gaudin, D and Thomas, RJ},
  booktitle={{AGU} {F}all {M}eeting {A}bstracts},
  year={2017}
}

@inproceedings{mcfarlin2017q,
  title={Q-values and Attenuation of the Shallow Crust Under {U}turuncu Volcano, {B}olivia},
  author={Mcfarlin, Heather L and McNutt, SR and Thompson, G},
  booktitle={{AGU} {F}all {M}eeting {A}bstracts},
  year={2017}
}

@inproceedings{braunmiller2017january,
  title={The {J}anuary 2014 Northern {C}uba Earthquake Sequence-Unusual Location and Unexpected Source Mechanism Variability},
  author={Braunmiller, Jochen and Thompson, Glenn and McNutt, Stephen R},
  booktitle={{AGU} {F}all {M}eeting {A}bstracts},
  year={2017}
}

@inproceedings{mcnutt2017infrasound,
  title={Infrasound and Seismic Recordings of Rocket Launches from {K}ennedy {S}pace {C}enter, 2016-2017},
  author={McNutt, Stephen R and Thompson, Glenn and Brown, Robert G and Braunmiller, Jochen and Farrell, Alexandra Kathryn and Mehta, Christopher},
  booktitle={{AGU} {F}all {M}eeting {A}bstracts},
  year={2017}
}


@inproceedings{mcfarlin2014receiver,
  title={Receiver Function Analyses of {U}turuncu Volcano, {B}olivia and {L}astarria/{C}ordon del {A}zufre Volcanoes, Chile},
  author={McFarlin, Heather L and Christensen, Douglas H and Thompson, Glenn and McNutt, Stephen R and Ryan, Jamie C and Ward, Kevin M and Zandt, George and West, Michael E},
  booktitle={{AGU} {F}all {M}eeting {A}bstracts},
  year={2014}
}

@inproceedings{smith2014explosion,
  title={Explosion Quakes: The 2007 Eruption of {P}avlof},
  author={Smith, Cassandra and McNutt, Stephen R and Thompson, Glenn},
  booktitle={{AGU} {F}all {M}eeting {A}bstracts},
  year={2014}
}

@inproceedings{thompson2014towards,
  title={Towards a Comprehensive Catalog of Volcanic Seismicity},
  author={Thompson, Glenn},
  booktitle={{AGU} {F}all {M}eeting {A}bstracts},
  year={2014}
}


@inproceedings{thompson2009alarm,
  title={Alarm systems detect volcanic tremor and earthquake swarms during {R}edoubt eruption, 2009},
  author={Thompson, Glenn and West, Michael E},
  booktitle={{AGU} {F}all {M}eeting {A}bstracts},
  year={2009}
}


@article{langer2006multimo,
  title={{MULTIMO}: {M}ulti-Parameter Monitoring, Modelling and Forecasting of Volcanic Hazard Results from a {E}uropean Project},
  author={Langer, Horst and Falsaperla, Susanna and Powell, Tanya W and Thompson, Glenn and Vila, J and Macia, R and Kumar, D and Ortiz, R and Moreno, H and Correig, Anton M and others},
  journal={Journal of Volcanology and Geothermal Research},
  volume={153},
  pages={387--388},
  year={2006}
}

@inproceedings{miller2006precise,
  title={Precise hypocenter location of high-frequency-onset earthquakes, during the initial stages of activity at {S}oufri{\`e}re {H}ills Volcano, {M}ontserrat},
  author={Miller, Victoria L and Ammon, Chuck J and Voight, Barry and Thompson, Glenn},
  booktitle={{AGU} {F}all {M}eeting {A}bstracts},
  year={2006}
}


@inproceedings{mattioli2005calipso,
  title={The {CALIPSO} Borehole Project at {S}oufri{\`e}re {H}ills Volcano, {M}ontserrat, {BWI}: Status and Scientific Overview of Prodigious Dome Collapse of July 2003},
  author={Mattioli, Glen S and Voight, Barry and Linde, Alana T and Sacks, I Selwyn and Watts, P and Hidayat, Danny and Young, Simon R and Widiwijayanti, Christina and Shalev, Elon and Malin, Peter E and others},
  booktitle={{AGU} {S}pring {M}eeting {A}bstracts},
  year={2005}
}


@inproceedings{elsworth2005gravitational,
  title={Gravitational Collapse of Lava Domes Triggered by Volcanic Fluids},
  author={Elsworth, Derek and Voight, Barry and Taron, Joshua and Thompson, Glenn and Vinciguerra, Sergio and Simmons, J},
  booktitle={{AGU} {F}all {M}eeting {A}bstracts},
  year={2005}
}

@inproceedings{miller2004precise,
  title={Precise Hypocenter Location of High-Frequency-Onset Earthquakes, Tomography, and Changing Stress Conditions Beneath {S}oufri{\`e}re {H}ills {V}olcano, {M}ontserrat},
  author={Miller, Victoria and Thompson, Glenn and Voight, Barry and Ammon, Chuck},
  booktitle={{AGU} {F}all {M}eeting {A}bstracts},
  year={2004}
}

@article{mattioli2004calipso,
  title={{CALIPSO} borehole instrumentation at a {B}ezymianny-like andesite volcano: {CALIPSO} project at {S}oufr{\`e}re {H}ills Volcano, {M}onserrat},
  author={Mattioli, Glen S and Young, Simon R and Linde, Alan T and Sacks, I Selwyn and Malin, Peter E and Shalev, Elon and Hidayat, Danny and Elsworth, Derek and Widiwijayanti, Christine and Miller, Victoria and others},
  journal={ВЗАИМОСВЯЗЬ МЕЖДУ ТЕКТОНИКОЙ, СЕЙСМИЧНОСТЬЮ, МАГМООБРАЗОВАНИЕМ И ИЗВЕРЖЕНИЯМИ ВУЛКАНОВ В ВУЛКАНИЧЕСКИХ ДУГАХ},
  pages={82},
  year={2004},
  publisher={Citeseer}
}

@inproceedings{voight2004calipso,
  title={{CALIPSO} Borehole Monitoring Project at {S}oufri{\`e}re {H}ills {V}olcano, {M}ontserrat, {BWI}: Overview, and Response of Magma Reservoir to Prodigious Dome Collapse},
  author={Voight, Barry and Mattioli, Glen S and Linde, Alan T and Sacks, I Selwyn and Young, Simon R and Malin, Peter E and Shalev, Elon and Hidayat, Danny and Elsworth, Derel and Widiwijayanti, Christine and others},
  booktitle={{AGU} {F}all {M}eeting {A}bstracts},
  year={2004}
}

@inproceedings{young2003linking,
  title={Linking Surface Activity to the Deep Volcanic Plumbing System: the {CALIPSO} Borehole Observatory Project on {M}ontserrat},
  author={Young, Simon R and Voight, Barry and Mattioli, Glen S and Linde, Alan T and Sacks, I Selwyn and Malin, Peter E and Shalev, Elon and Hidayat, Danny and Elsworth, Derek and Sparks, R Stephen J and others},
  booktitle={{AGU} {F}all {M}eeting {A}bstracts},
  year={2003}
}

@inproceedings{shannon2003volcanic,
  title={Volcanic {SO}$_2$ Emissions vs. Seismicity-{J}uly 2002 {LP} Swarm, {S}oufri{\`e}re {H}ills Volcano, {M}ontserrat},
  author={Shannon, Jeremy and Bluth, Greg and Edmonds, Marie and Thompson, Glenn},
  booktitle={{AGU} {F}all {M}eeting {A}bstracts},
  year={2003}
}

@inproceedings{voight2003calipso,
  title={{CALIPSO} Borehole Instrumentation Project at {S}oufri{\`e}re {H}ills {V}olcano, {M}ontserrat, {BWI}: Overview and Prospects},
  author={Voight, Barry and Mattioli, Glen S and Young, Simon R and Linde, Alan T and Sacks, I Selwyn and Malin, Peter and Shalev, Elon and Hidayat, Danny and Elsworth, Derek and Widiwijayanti, Christine and others},
  booktitle={{AGU} {F}all {M}eeting {A}bstracts},
  year={2003}
}

@inproceedings{langer2003automatic,
  title={Automatic identification of seismic transients recorded on {S}oufri{\`e}re {H}ills volcano, {M}ontserrat},
  author={Langer, Horst and Falsaperla, Susanna and Thompson, Glenn},
  booktitle={{EGS-AGU-EUG J}oint {A}ssembly},
  year={2003}
}

@inproceedings{dunkley2003rise,
  title={The rise and fall of the {S}oufri{\`e}re {H}ills {V}olcano lava dome, {M}ontserrat, {BWI}, July 2001-July 2003: Science, hazards, and volatile public perceptions},
  author={Dunkley, Peter and Voight, Barry and Edmonds, Marie and Herd, Richard A. and Strutt, Mick and Thompson, Glenn and Bass, Venus and Aspinall, Willy P and Neuberg, Jurgen and Sparks, R Stephen and others},
  booktitle={{AGU} {F}all {M}eeting {A}bstracts},
  year={2003}
}

@inproceedings{hidayat2003seismo,
  title={Seismo-acoustics, {VLP} and {ULP} signals, and other comparisons of surface broadband and {CALIPSO} borehole data at {S}oufri{\`e}re {H}ills {V}olcano, {M}ontserrat, BWI},
  author={Hidayat, Danny and Voight, Barry and Mattioli, Glen and Young, Simon R and Linde, Alan T and Sacks, I Selwyn and Malin, Peter E and Shalev, Elon and Elsworth, Derek and Widiwijayanti, Christine and Thompson, Glenn},
  booktitle={{AGU} {F}all {M}eeting {A}bstracts},
  year={2003}
}

@inproceedings{voight2001multiparameter,
  title={Multiparameter Measurements at {M}ontserrat and their Interpretation: Honoring the Memory of {B}runo {M}artinelli},
  author={Voight, Barry and Young, Simon R and Baptie, Brian and Bass, Venus and Duffell, Haley and Dunkley, Peter N and Edmonds, Marie and Herd, Richard A and Jolly, Arthur D and others},
  booktitle={{AGU} {F}all {M}eeting {A}bstracts},
  year={2001}
}

@article{benoit1998near,
  title={Near-realtime {WWW}-based monitoring of {A}laskan volcanoes: The Iceweb system},
  author={Benoit, John P. and Thompson, Glenn and Lindquist, Kent and Hansen, Roger A. and McNutt, Stephen R.},
  journal={{EOS}, Transactions, American Geophysical Union},
  volume={79},
  number={45},
  pages={F957},
  year={1998}
}

% Reports
@techreport{bull20122009,
  title={The 2009 eruption of {R}edoubt {V}olcano, {A}laska},
  author={Bull, Katharine F and Cameron, Cheryl and Coombs, Michelle L and Diefenbach, Angie and Lopez, Taryn and McNutt, Steve and Neal, Christina and Payne, Allison and Power, John A and Schneider, David J and others},
  year={2012},
  institution={State of Alaska, Department of Natural Resources}
}

@article{thompson2008trans,
  title={The Trans-{A}laska Pipeline {S}hake{M}ap system: Technical Report},
  author={Thompson, Glenn and Martirosyan, Artak and Robinson, Mitch and Hansen, Roger A},
  year={2008}
}

@article{thompson2008aeic,
  title={The {AEIC} {S}hake{M}ap system: Technical Report},
  author={Thompson, Glenn and Martirosyan, Artak and Robinson, Mitch and Hansen, Roger},
  year={2008}
}

@article{gunn2005investigating,
  title={Investigating shear wave methods to characterize sand and gravel thicknesses at {H}olme {P}ierrepont, {N}ottingham},
  author={Gunn, David A and Nelder, Lavinia M and Pearson, S and Thompson, Glenn and Carney, JN and Wallis, H},
  journal={{BGS} Report},
  year={2005}
}

@article{cuss2003ground,
  title={Ground Penetrating Radar Investigation of the Fissuring of the {A}690 in {H}oughton-le-{S}pring},
  author={Cuss, Robert J and Thompson, Glenn},
  journal={Urban Geoscience \& Geological Hazards Programme},
  year={2003}
}

@article{gunn2005fine,
  title={Fine Scale Structure of Core by Novel Resistivity Imaging},
  author={Gunn, David A and Jackson, Peter D and Thompson, Glenn},
  journal={{BGS R}eport},
  year={2005}
}

% theses

@article{thompson1994forward,
  title={Forward Modelling of Bottom-Simulating Reflectors at the {M}akran Accretionary Prism},
  author={Thompson, Glenn},
  year={1994}
}

@article{thompson1999modelling,
  title={Modelling of Seismo-Volcanic Sources},
  author={Thompson, Glenn},
  year={1999}
}
